[
  {
    "category": "on-special",
    "href": "/product/coles-hass-avocados-1-each-5900530",
    "imgName": "5900530",
    "imgSrc": "https://productimages.coles.com.au/productimages/5/5900530.jpg?w=200",
    "name": "Coles Hass Avocados",
    "price": 1.5,
    "unitPrice": "$1.50 per 1ea"
  },
  {
    "category": "on-special",
    "href": "/product/streets-magnum-luxe-caramel-ego-ice-cream-4-pack-388ml-3962377",
    "imgName": "3962377",
    "imgSrc": "https://productimages.coles.com.au/productimages/3/3962377.jpg?w=200",
    "name": "Streets Magnum Luxe Caramel Ego Ice Cream 4 Pack",
    "price": 7.5,
    "unitPrice": "$1.93 per 100mL | Was $11.50"
  },
  {
    "category": "on-special",
    "href": "/product/magnum-ice-cream-mini-classic-6pack-360ml-9091344",
    "imgName": "9091344",
    "imgSrc": "https://productimages.coles.com.au/productimages/9/9091344.jpg?w=200",
    "name": "Magnum Ice Cream Mini Classic 6Pack",
    "price": 8.0,
    "unitPrice": "$2.22 per 100mL | Was $10.50"
  },
  {
    "category": "on-special",
    "href": "/product/radiant-laundry-liquid-whites-and-colours-2l-4144352",
    "imgName": "4144352",
    "imgSrc": "https://productimages.coles.com.au/productimages/4/4144352.jpg?w=200",
    "name": "Radiant Laundry Liquid Whites & Colours",
    "price": 10.0,
    "unitPrice": "$5.00 per 1L | Was $20.00"
  },
  {
    "category": "on-special",
    "href": "/product/magnum-ice-cream-mini-almond-6pack-360ml-9091672",
    "imgName": "9091672",
    "imgSrc": "https://productimages.coles.com.au/productimages/9/9091672.jpg?w=200",
    "name": "Magnum Ice Cream Mini Almond 6Pack",
    "price": 8.0,
    "unitPrice": "$2.22 per 100mL | Was $10.50"
  },
  {
    "category": "on-special",
    "href": "/product/st-hugo-gsm-750ml-1-each-9197571",
    "imgName": "9197571",
    "imgSrc": "https://productimages.coles.com.au/productimages/9/9197571.jpg?w=200",
    "name": "St Hugo GSM 750mL",
    "price": 45.0,
    "unitPrice": "$60.00 per 1L | Was $52.00"
  },
  {
    "category": "on-special",
    "href": "/product/magnum-ice-cream-almond-4pack-428ml-6893703",
    "imgName": "6893703",
    "imgSrc": "https://productimages.coles.com.au/productimages/6/6893703.jpg?w=200",
    "name": "Magnum Ice Cream Almond 4Pack",
    "price": 8.0,
    "unitPrice": "$1.87 per 100mL | Was $10.50"
  },
  {
    "category": "on-special",
    "href": "/product/magnum-bites-ice-cream-classic-183ml-5027638",
    "imgName": "5027638",
    "imgSrc": "https://productimages.coles.com.au/productimages/5/5027638.jpg?w=200",
    "name": "Magnum Bites Ice Cream Classic",
    "price": 7.7,
    "unitPrice": "$4.21 per 100mL | Was $11.00"
  },
  {
    "category": "on-special",
    "href": "/product/streets-golden-gaytime-bites-279ml-5027490",
    "imgName": "5027490",
    "imgSrc": "https://productimages.coles.com.au/productimages/5/5027490.jpg?w=200",
    "name": "Streets Golden Gaytime Bites",
    "price": 7.7,
    "unitPrice": "$2.76 per 100mL | Was $11.00"
  },
  {
    "category": "on-special",
    "href": "/product/vaseline-dry-skin-rescue-advanced-strength-body-lotion-550ml-3964907",
    "imgName": "3964907",
    "imgSrc": "https://productimages.coles.com.au/productimages/3/3964907.jpg?w=200",
    "name": "Vaseline Dry Skin Rescue Advanced Strength Body Lotion",
    "price": 9.0,
    "unitPrice": "$1.64 per 100mL | Was $15.00"
  },
  {
    "category": "on-special",
    "href": "/product/magnum-ice-cream-classic-4pack-428ml-6893736",
    "imgName": "6893736",
    "imgSrc": "https://productimages.coles.com.au/productimages/6/6893736.jpg?w=200",
    "name": "Magnum Ice Cream Classic 4Pack",
    "price": 8.0,
    "unitPrice": "$1.87 per 100mL | Was $10.50"
  },
  {
    "category": "on-special",
    "href": "/product/fresh-strawberries-prepacked-250g-5191256",
    "imgName": "5191256",
    "imgSrc": "https://productimages.coles.com.au/productimages/5/5191256.jpg?w=200",
    "name": "Fresh Strawberries Prepacked",
    "price": 3.4,
    "unitPrice": "$13.60 per 1kg"
  },
  {
    "category": "on-special",
    "href": "/product/coles-broccoli-approx.-340g-each-407755",
    "imgName": "407755",
    "imgSrc": "https://productimages.coles.com.au/productimages/4/407755.jpg?w=200",
    "name": "Coles Broccoli",
    "price": 1.02,
    "unitPrice": "$3.00 per 1kg"
  },
  {
    "category": "on-special",
    "href": "/product/tip-top-original-english-muffins-6-pack-400g-332394",
    "imgName": "332394",
    "imgSrc": "https://productimages.coles.com.au/productimages/3/332394.jpg?w=200",
    "name": "Tip Top Original English Muffins 6 Pack",
    "price": 3.0,
    "unitPrice": "$0.75 per 100g | Was $6.00"
  },
  {
    "category": "on-special",
    "href": "/product/oral-b-io-3-matte-black-+1-ultimate-clean-electric-toothbrush-1-pack-5930098",
    "imgName": "5930098",
    "imgSrc": "https://productimages.coles.com.au/productimages/5/5930098.jpg?w=200",
    "name": "Oral B Io 3 Matte Black +1 Ultimate Clean Electric Toothbrush",
    "price": 99.5,
    "unitPrice": "$99.50 per 1ea | Was $199.00"
  },
  {
    "category": "on-special",
    "href": "/product/cadbury-old-gold-roast-almond-dark-chocolate-block-180g-2350535",
    "imgName": "2350535",
    "imgSrc": "https://productimages.coles.com.au/productimages/2/2350535.jpg?w=200",
    "name": "Cadbury Old Gold Roast Almond Dark Chocolate Block",
    "price": 2.75,
    "unitPrice": "$1.53 per 100g | Was $5.50"
  },
  {
    "category": "on-special",
    "href": "/product/oral-b-io-electric-toothbrush-blue-with-white-refill-1-pack-5935557",
    "imgName": "5935557",
    "imgSrc": "https://productimages.coles.com.au/productimages/5/5935557.jpg?w=200",
    "name": "Oral B Io Electric Toothbrush Blue With White Refill",
    "price": 99.5,
    "unitPrice": "$99.50 per 1ea | Was $199.00"
  },
  {
    "category": "on-special",
    "href": "/product/cadbury-cherry-ripe-chocolate-bar-52g-136534",
    "imgName": "136534",
    "imgSrc": "https://productimages.coles.com.au/productimages/1/136534.jpg?w=200",
    "name": "Cadbury Cherry Ripe Chocolate Bar",
    "price": 1.0,
    "unitPrice": "$1.92 per 100g | Was $2.00"
  },
  {
    "category": "on-special",
    "href": "/product/cadbury-picnic-chocolate-bar-46g-136556",
    "imgName": "136556",
    "imgSrc": "https://productimages.coles.com.au/productimages/1/136556.jpg?w=200",
    "name": "Cadbury Picnic Chocolate Bar",
    "price": 1.0,
    "unitPrice": "$2.17 per 100g | Was $2.00"
  },
  {
    "category": "on-special",
    "href": "/product/real-foods-original-corn-thins-150g-7112308",
    "imgName": "7112308",
    "imgSrc": "https://productimages.coles.com.au/productimages/7/7112308.jpg?w=200",
    "name": "Real Foods Original Corn Thins",
    "price": 1.0,
    "unitPrice": "$0.67 per 100g | Was $2.00"
  },
  {
    "category": "on-special",
    "href": "/product/cadbury-twirl-chocolate-bar-39g-5216313",
    "imgName": "5216313",
    "imgSrc": "https://productimages.coles.com.au/productimages/5/5216313.jpg?w=200",
    "name": "Cadbury Twirl Chocolate Bar",
    "price": 1.0,
    "unitPrice": "$2.56 per 100g | Was $2.00"
  },
  {
    "category": "on-special",
    "href": "/product/cadbury-old-gold-jamaica-rum-n-raisin-dark-chocolate-block-180g-2350557",
    "imgName": "2350557",
    "imgSrc": "https://productimages.coles.com.au/productimages/2/2350557.jpg?w=200",
    "name": "Cadbury Old Gold Jamaica Rum N Raisin Dark Chocolate Block",
    "price": 2.75,
    "unitPrice": "$1.53 per 100g | Was $5.50"
  },
  {
    "category": "on-special",
    "href": "/product/cadbury-fry's-turkish-delight-chocolate-bar-55g-136498",
    "imgName": "136498",
    "imgSrc": "https://productimages.coles.com.au/productimages/1/136498.jpg?w=200",
    "name": "Cadbury Fry's Turkish Delight Chocolate Bar",
    "price": 1.0,
    "unitPrice": "$1.82 per 100g | Was $2.00"
  },
  {
    "category": "on-special",
    "href": "/product/cadbury-boost-chocolate-bar-60g-4425023",
    "imgName": "4425023",
    "imgSrc": "https://productimages.coles.com.au/productimages/4/4425023.jpg?w=200",
    "name": "Cadbury Boost Chocolate Bar",
    "price": 1.0,
    "unitPrice": "$1.67 per 100g | Was $2.00"
  },
  {
    "category": "on-special",
    "href": "/product/kinder-bueno-chocolate-bar-43g-5216969",
    "imgName": "5216969",
    "imgSrc": "https://productimages.coles.com.au/productimages/5/5216969.jpg?w=200",
    "name": "Kinder Bueno Chocolate Bar",
    "price": 1.0,
    "unitPrice": "$2.33 per 100g | Was $2.00"
  },
  {
    "category": "on-special",
    "href": "/product/maharajah's-choice-calico-basmati-rice-5kg-7210045",
    "imgName": "7210045",
    "imgSrc": "https://productimages.coles.com.au/productimages/7/7210045.jpg?w=200",
    "name": "Maharajah's Choice Calico Basmati Rice",
    "price": 11.5,
    "unitPrice": "$0.23 per 100g | Was $23.00"
  },
  {
    "category": "on-special",
    "href": "/product/tip-top-wholemeal-english-muffins-6-pack-400g-5137320",
    "imgName": "5137320",
    "imgSrc": "https://productimages.coles.com.au/productimages/5/5137320.jpg?w=200",
    "name": "Tip Top Wholemeal English Muffins 6 Pack",
    "price": 3.0,
    "unitPrice": "$0.75 per 100g | Was $6.00"
  },
  {
    "category": "on-special",
    "href": "/product/cadbury-old-gold-70percent-cocoa-dark-chocolate-block-180g-2350579",
    "imgName": "2350579",
    "imgSrc": "https://productimages.coles.com.au/productimages/2/2350579.jpg?w=200",
    "name": "Cadbury Old Gold 70% Cocoa Dark Chocolate Block",
    "price": 2.75,
    "unitPrice": "$1.53 per 100g | Was $5.50"
  },
  {
    "category": "on-special",
    "href": "/product/oral-b-pro-1500-electric-toothbrush-with-travel-case-1-pack-4504298",
    "imgName": "4504298",
    "imgSrc": "https://productimages.coles.com.au/productimages/4/4504298.jpg?w=200",
    "name": "Oral B Pro 1500 Electric Toothbrush With Travel Case",
    "price": 65.0,
    "unitPrice": "$65.00 per 1ea | Was $130.00"
  },
  {
    "category": "on-special",
    "href": "/product/cadbury-favourites-boxed-chocolate-520g-3571711",
    "imgName": "3571711",
    "imgSrc": "https://productimages.coles.com.au/productimages/3/3571711.jpg?w=200",
    "name": "Cadbury Favourites Boxed Chocolate",
    "price": 11.0,
    "unitPrice": "$2.12 per 100g | Was $22.00"
  },
  {
    "category": "on-special",
    "href": "/product/cadbury-old-gold-original-dark-chocolate-block-180g-2350568",
    "imgName": "2350568",
    "imgSrc": "https://productimages.coles.com.au/productimages/2/2350568.jpg?w=200",
    "name": "Cadbury Old Gold Original Dark Chocolate Block",
    "price": 2.75,
    "unitPrice": "$1.53 per 100g | Was $5.50"
  },
  {
    "category": "on-special",
    "href": "/product/real-foods-multigrain-corn-thins-150g-8000070",
    "imgName": "8000070",
    "imgSrc": "https://productimages.coles.com.au/productimages/8/8000070.jpg?w=200",
    "name": "Real Foods Multigrain Corn Thins",
    "price": 1.0,
    "unitPrice": "$0.67 per 100g"
  },
  {
    "category": "on-special",
    "href": "/product/colgate-advanced-whitening-and-tartar-toothpaste-200g-4842450",
    "imgName": "4842450",
    "imgSrc": "https://productimages.coles.com.au/productimages/4/4842450.jpg?w=200",
    "name": "Colgate Advanced Whitening & Tartar Toothpaste",
    "price": 5.0,
    "unitPrice": "$2.50 per 100g | Was $10.00"
  },
  {
    "category": "on-special",
    "href": "/product/cadbury-crunchie-chocolate-bar-50g-136523",
    "imgName": "136523",
    "imgSrc": "https://productimages.coles.com.au/productimages/1/136523.jpg?w=200",
    "name": "Cadbury Crunchie Chocolate bar",
    "price": 1.0,
    "unitPrice": "$2.00 per 100g | Was $2.00"
  },
  {
    "category": "on-special",
    "href": "/product/oral-b-pro-800-cross-action-electric-toothbrush-1-pack-3986353",
    "imgName": "3986353",
    "imgSrc": "https://productimages.coles.com.au/productimages/3/3986353.jpg?w=200",
    "name": "Oral B Pro 800 Cross Action Electric Toothbrush",
    "price": 50.0,
    "unitPrice": "$50.00 per 1ea | Was $100.00"
  },
  {
    "category": "on-special",
    "href": "/product/cadbury-dairy-milk-chocolate-roll-pack-55g-5072676",
    "imgName": "5072676",
    "imgSrc": "https://productimages.coles.com.au/productimages/5/5072676.jpg?w=200",
    "name": "Cadbury Dairy Milk Chocolate Roll Pack",
    "price": 1.0,
    "unitPrice": "$1.82 per 100g | Was $2.00"
  },
  {
    "category": "on-special",
    "href": "/product/cadbury-dairy-milk-chunky-chocolate-bar-50g-5072665",
    "imgName": "5072665",
    "imgSrc": "https://productimages.coles.com.au/productimages/5/5072665.jpg?w=200",
    "name": "Cadbury Dairy Milk Chunky Chocolate Bar",
    "price": 1.0,
    "unitPrice": "$2.00 per 100g | Was $2.00"
  },
  {
    "category": "on-special",
    "href": "/product/real-foods-sesame-corn-thins-150g-4859996",
    "imgName": "4859996",
    "imgSrc": "https://productimages.coles.com.au/productimages/4/4859996.jpg?w=200",
    "name": "Real Foods Sesame Corn Thins",
    "price": 1.0,
    "unitPrice": "$0.67 per 100g | Was $2.00"
  },
  {
    "category": "on-special",
    "href": "/product/gold-sunset-vegetable-oil-4l-3234030",
    "imgName": "3234030",
    "imgSrc": "https://productimages.coles.com.au/productimages/3/3234030.jpg?w=200",
    "name": "Gold Sunset Vegetable Oil",
    "price": 18.0,
    "unitPrice": "$0.45 per 100mL | Was $36.00"
  },
  {
    "category": "on-special",
    "href": "/product/gold-sunset-canola-oil-4l-3234008",
    "imgName": "3234008",
    "imgSrc": "https://productimages.coles.com.au/productimages/3/3234008.jpg?w=200",
    "name": "Gold Sunset Canola Oil",
    "price": 18.0,
    "unitPrice": "$0.45 per 100mL | Was $36.00"
  },
  {
    "category": "on-special",
    "href": "/product/oral-b-d103-pro-300-electric-toothbrush-black-1-pack-5930156",
    "imgName": "5930156",
    "imgSrc": "https://productimages.coles.com.au/productimages/5/5930156.jpg?w=200",
    "name": "Oral B D103 Pro 300 Electric Toothbrush Black",
    "price": 45.0,
    "unitPrice": "$45.00 per 1ea | Was $90.00"
  },
  {
    "category": "on-special",
    "href": "/product/oral-b-d103-pro-300-electric-toothbrush-mint-1-pack-5939536",
    "imgName": "5939536",
    "imgSrc": "https://productimages.coles.com.au/productimages/5/5939536.jpg?w=200",
    "name": "Oral B D103 Pro 300 Electric Toothbrush Mint",
    "price": 45.0,
    "unitPrice": "$45.00 per 1ea | Was $90.00"
  },
  {
    "category": "on-special",
    "href": "/product/lindt-lindor-assorted-chocolate-balls-gift-box-235g-8731258",
    "imgName": "8731258",
    "imgSrc": "https://productimages.coles.com.au/productimages/8/8731258.jpg?w=200",
    "name": "Lindt Lindor Assorted Chocolate Balls Gift Box",
    "price": 10.0,
    "unitPrice": "$4.26 per 100g | Was $20.00"
  }
]
